@inbook{cox, place={New York}, title={ome sampling problems in technology}, booktitle={New Developments in Survey Sampling,}, publisher={Wiley-Interscience}, author={Cox, D R}, pages={506–527}}

@article{bl2013, title={The Role of Mitochondria in Aging}, volume={123}, DOI={10.1172/JCI64125.}, number={3}, journal={ournal of Clinical Investigation}, author={Bratic, Ana and Larsson, Nils-G{\"o}ran}, year={2013}, pages={951–957}}

